@Online{Huzhenzhen2018,
  Title                    = {\LaTeX{}文档中文参考文献的biblatex解决方案},
  Author                   = {胡振震},
  Volume                   = {},
  Number                   = {},
  Year                     = {2018},
  Journaltitle             = {},
  Pages                    = {},
  Url                      = {https://github.com/hushidong/biblatex-solution-to-latex-bibliography}
}
@Book{王夫之1845--,
  Title                    = {宋论},
  Author                   = {王夫之},
  Edition                  = {刻本},
  Publisher                = {曾氏},
  Location                 = {金陵},
  Year                     = {1845(清同治四年)}
}
@Book{汪昂1881--,
  Title                    = {增订本草备要:四卷},
  Address                  = {京都},
  Author                   = {汪昂},
  Edition                  = {刻本},
  Publisher                = {老二酉堂},
  Location                 = {上海},
  Year                     = {1881(清光绪七年)}
}
@Article{KENNEDY1975-339-360,
  Title                    = {Morphology and genesis of nodular chalks and hardgrounds in the Upper
 Cretacesous of southern England},
  Author                   = {W. J. KENNEDY and R. E. GARRISON},
  Date                     = {1975},
  Journaltitle             = {Lethaia},
  Pages                    = {339-360},
  Volume                   = {8}
}